@online{bitcoin-white-paper,
  author   = {Satoshi Nakamoto},
  title    = {Bitcoin: A Peer-to-Peer Electronic Cash System},
  url      = {https://bitcoin.org/bitcoin.pdf},
  keywords = {bitcoin,nakamoto}
}

@online{breaking-rsa,
  author   = {David Mermin},
  title    = {Breaking RSA Encryption with a Quantum Computer: Shor's Factoring Algorithm},
  url      = {https://web.archive.org/web/20121115112940/http://people.ccmr.cornell.edu/~mermin/qcomp/chap3.pdf},
  keywords = {rsa}
}

@article{bharti2021noisy,
  title   = {Noisy intermediate-scale quantum (NISQ) algorithms},
  author  = {Bharti, Kishor and Cervera-Lierta, Alba and Kyaw, Thi Ha and Haug, Tobias and Alperin-Lea, Sumner and Anand, Abhinav and Degroote, Matthias and Heimonen, Hermanni and Kottmann, Jakob S and Menke, Tim and others},
  journal = {arXiv preprint arXiv:2101.08448},
  year    = {2021}
}

@article{di2010quantum,
  title   = {Quantum computing},
  author  = {Di Pierro, Alessandra},
  journal = {University of Verona, Tech. Rep},
  year    = {2010}
}

@misc{johnson1990catalog,
  title     = {A Catalog of Complexity Classes, volume A of Handbook of Theoretical Computer Science, chapter 2},
  author    = {Johnson, David S},
  year      = {1990},
  publisher = {North Holland}
}

@article{bernstein1997quantum,
  title     = {Quantum complexity theory},
  author    = {Bernstein, Ethan and Vazirani, Umesh},
  journal   = {SIAM Journal on computing},
  volume    = {26},
  number    = {5},
  pages     = {1411--1473},
  year      = {1997},
  publisher = {SIAM}
}

@article{deutsch1985quantum,
  title     = {Quantum theory, the Church--Turing principle and the universal quantum computer},
  author    = {Deutsch, David},
  journal   = {Proceedings of the Royal Society of London. A. Mathematical and Physical Sciences},
  volume    = {400},
  number    = {1818},
  pages     = {97--117},
  year      = {1985},
  publisher = {The Royal Society London}
}

@article{merzbacher1998quantum,
  title   = {Quantum mechanics john wiley \& sons},
  author  = {Merzbacher, Eugen},
  journal = {Inc., New York},
  volume  = {50},
  year    = {1998}
}

 @misc{quantum_supremacy,
  title        = {Google and NASA achieve quantum supremacy.},
  howpublished = {\url{https://www.nasa.gov/feature/ames/quantum-supremacy/}},
  journal      = {Blockchain 4innovation},
  author       = {Tavares},
  year         = {2019},
  month        = {October}
} 

@article{bloch_sphere,
  author  = {{Bloch}, F.},
  title   = {{Nuclear Induction}},
  journal = {Physical Review},
  year    = 1946,
  month   = oct,
  volume  = {70},
  number  = {7-8},
  pages   = {460-474},
  doi     = {10.1103/PhysRev.70.460},
  adsurl  = {https://ui.adsabs.harvard.edu/abs/1946PhRv...70..460B},
  adsnote = {Provided by the SAO/NASA Astrophysics Data System}
}

@article{havenstein2018comparisons,
  title   = {Comparisons of performance between quantum and classical machine learning},
  author  = {Havenstein, Christopher and Thomas, Damarcus and Chandrasekaran, Swami},
  journal = {SMU Data Science Review},
  volume  = {1},
  number  = {4},
  pages   = {11},
  year    = {2018}
}

@article{fitzpatrick2020banking,
  title     = {Banking on stone money: ancient antecedents to bitcoin},
  author    = {Fitzpatrick, Scott M and McKeon, Stephen},
  journal   = {Economic Anthropology},
  volume    = {7},
  number    = {1},
  pages     = {7--21},
  year      = {2020},
  publisher = {Wiley Online Library}
}

@inproceedings{haber1990time,
  title        = {How to time-stamp a digital document},
  author       = {Haber, Stuart and Stornetta, W Scott},
  booktitle    = {Conference on the Theory and Application of Cryptography},
  pages        = {437--455},
  year         = {1990},
  organization = {Springer}
}

@book{kanare1985writing,
  title     = {Writing the laboratory notebook.},
  author    = {Kanare, Howard M},
  year      = {1985},
  publisher = {ERIC}
}

@incollection{bayer1993improving,
  title     = {Improving the efficiency and reliability of digital time-stamping},
  author    = {Bayer, Dave and Haber, Stuart and Stornetta, W Scott},
  booktitle = {Sequences Ii},
  pages     = {329--334},
  year      = {1993},
  publisher = {Springer}
}

 @misc{szabo_2005,
  title        = {Unenumerated},
  howpublished = {\url{https://web.archive.org/web/20061213062310/https://unenumerated.blogspot.com/2005/12/bit-gold.html}},
  journal      = {Unenumerated: Bit gold},
  author       = {Szabo, Nick},
  year         = {2005},
  month        = {Dec}
} 
 
 @article{nakamoto2008bitcoin,
  title   = {Bitcoin: A peer-to-peer electronic cash system},
  author  = {Nakamoto, Satoshi},
  journal = {Decentralized Business Review},
  pages   = {21260},
  year    = {2008}
}

 @misc{bellini_2021,
  title        = {Blockchain: Cos'Ã¨, come funziona e applicazioni oggi},
  howpublished = {\url{https://www.blockchain4innovation.it/esperti/blockchain-perche-e-cosi-importante/}},
  journal      = {Blockchain 4innovation},
  author       = {Bellini, Mauro},
  year         = {2021},
  month        = {Jul}
} 



@article{warburg2016blockchain,
  title   = {How the blockchain will radically transform the economy},
  author  = {Warburg, Bettina and others},
  journal = {TED Summit},
  year    = {2016}
}

@article{casino2019systematic,
  title     = {A systematic literature review of blockchain-based applications: Current status, classification and open issues},
  author    = {Casino, Fran and Dasaklis, Thomas K and Patsakis, Constantinos},
  journal   = {Telematics and informatics},
  volume    = {36},
  pages     = {55--81},
  year      = {2019},
  publisher = {Elsevier}
}

@misc{olnes2017blockchain,
  title     = {Blockchain in government: Benefits and implications of distributed ledger technology for information sharing},
  author    = {{\O}lnes, Svein and Ubacht, Jolien and Janssen, Marijn},
  journal   = {Government Information Quarterly},
  volume    = {34},
  number    = {3},
  pages     = {355--364},
  year      = {2017},
  publisher = {Elsevier}
}

 @misc{comparitech_2019,
  title   = {Understanding cryptography's role in blockchains},
  url     = {https://www.comparitech.com/crypto/cryptography-blockchain/},
  journal = {Comparitech},
  year    = {2019},
  month   = {Apr}
} 

@article{kuo2017blockchain,
  title     = {Blockchain distributed ledger technologies for biomedical and health care applications},
  author    = {Kuo, Tsung-Ting and Kim, Hyeon-Eui and Ohno-Machado, Lucila},
  journal   = {Journal of the American Medical Informatics Association},
  volume    = {24},
  number    = {6},
  pages     = {1211--1220},
  year      = {2017},
  publisher = {Oxford University Press}
}

 @misc{conor_2021,
  title     = {What's next for Blockchain? 3rd generation platforms},
  url       = {https://medium.com/web3labs/whats-next-for-blockchain-3rd-generation-platforms-a26f34da4d59},
  journal   = {Medium},
  publisher = {web3labs},
  author    = {Conor},
  year      = {2021},
  month     = {Sep}
} 
 
 @article{buterin2013ethereum,
  title   = {Ethereum white paper},
  author  = {Buterin, Vitalik and others},
  journal = {GitHub repository},
  volume  = {1},
  pages   = {22--23},
  year    = {2013}
}

@inproceedings{vukolic2015quest,
  title        = {The quest for scalable blockchain fabric: Proof-of-work vs. BFT replication},
  author       = {Vukoli{\'c}, Marko},
  booktitle    = {International workshop on open problems in network security},
  pages        = {112--125},
  year         = {2015},
  organization = {Springer}
}

 @misc{yafimava_2019,
  title   = {Hyperledger Enterprise Solutions: Top 5 real use cases},
  url     = {https://openledger.info/insights/hyperledger-enterprise-solutions-top-5-real-use-cases/},
  journal = {OpenLedger Insights},
  author  = {Yafimava, Darya},
  year    = {2019},
  month   = {May}
} 
 
 @inproceedings{10.1145/3190508.3190538,
  author    = {Androulaki, Elli and Barger, Artem and Bortnikov, Vita and Cachin, Christian and Christidis, Konstantinos and De Caro, Angelo and Enyeart, David and Ferris, Christopher and Laventman, Gennady and Manevich, Yacov and Muralidharan, Srinivasan and Murthy, Chet and Nguyen, Binh and Sethi, Manish and Singh, Gari and Smith, Keith and Sorniotti, Alessandro and Stathakopoulou, Chrysoula and Vukoli\'{c}, Marko and Cocco, Sharon Weed and Yellick, Jason},
  title     = {Hyperledger Fabric: A Distributed Operating System for Permissioned Blockchains},
  year      = {2018},
  isbn      = {9781450355841},
  publisher = {Association for Computing Machinery},
  address   = {New York, NY, USA},
  url       = {https://doi.org/10.1145/3190508.3190538},
  doi       = {10.1145/3190508.3190538},
  booktitle = {Proceedings of the Thirteenth EuroSys Conference},
  articleno = {30},
  numpages  = {15},
  location  = {Porto, Portugal},
  series    = {EuroSys '18}
}
 
 
 
 @article{mosca2018cybersecurity,
  title     = {Cybersecurity in an era with quantum computers: Will we be ready?},
  author    = {Mosca, Michele},
  journal   = {IEEE Security \& Privacy},
  volume    = {16},
  number    = {5},
  pages     = {38--41},
  year      = {2018},
  publisher = {IEEE}
}

 @misc{quantum_NIST,
  title        = {NIST. Post-quantum cryptography.},
  howpublished = {\url{https://csrc.nist.gov/Projects/Post-Quantum-Cryptography/Post-Quantum-Cryptography-Standardization/}},
  author       = {NIST},
  year         = {2017}
} 
 
 @article{kearney2021vulnerability,
  title     = {Vulnerability of blockchain technologies to quantum attacks},
  author    = {Kearney, Joseph J and Perez-Delgado, Carlos A},
  journal   = {Array},
  volume    = {10},
  pages     = {100065},
  year      = {2021},
  publisher = {Elsevier}
}

@article{10.1145/357980.358017,
  author     = {Rivest, R. L. and Shamir, A. and Adleman, L.},
  title      = {A Method for Obtaining Digital Signatures and Public-Key Cryptosystems},
  year       = {1983},
  issue_date = {Jan. 1983},
  publisher  = {Association for Computing Machinery},
  address    = {New York, NY, USA},
  volume     = {26},
  number     = {1},
  issn       = {0001-0782},
  url        = {https://doi.org/10.1145/357980.358017},
  doi        = {10.1145/357980.358017},
  journal    = {Commun. ACM},
  month      = {jan},
  pages      = {96â99},
  numpages   = {4},
  keywords   = {authentication, message-passing, privacy, prime number, digital signatures, factorization, cryptography, electronic mail, electronic funds transfer, security, public-key cryptosystems}
}


@article{koblitz1987elliptic,
  title   = {Elliptic curve cryptosystems},
  author  = {Koblitz, Neal},
  journal = {Mathematics of computation},
  volume  = {48},
  number  = {177},
  pages   = {203--209},
  year    = {1987}
}



@inproceedings{grover1996fast,
  title     = {A fast quantum mechanical algorithm for database search},
  author    = {Grover, Lov K},
  booktitle = {Proceedings of the twenty-eighth annual ACM symposium on Theory of computing},
  pages     = {212--219},
  year      = {1996}
}


@inproceedings{bunz2018bulletproofs,
  title        = {Bulletproofs: Short proofs for confidential transactions and more},
  author       = {B{\"u}nz, Benedikt and Bootle, Jonathan and Boneh, Dan and Poelstra, Andrew and Wuille, Pieter and Maxwell, Greg},
  booktitle    = {2018 IEEE Symposium on Security and Privacy (SP)},
  pages        = {315--334},
  year         = {2018},
  organization = {IEEE}
}

@article{hopwood2016zcash,
  title   = {Zcash protocol specification},
  author  = {Hopwood, Daira and Bowe, Sean and Hornby, Taylor and Wilcox, Nathan},
  journal = {GitHub: San Francisco, CA, USA},
  volume  = {86},
  year    = {2016}
}

@article{boyer1998tight,
  title     = {Tight bounds on quantum searching},
  author    = {Boyer, Michel and Brassard, Gilles and H{\o}yer, Peter and Tapp, Alain},
  journal   = {Fortschritte der Physik: Progress of Physics},
  volume    = {46},
  number    = {4-5},
  pages     = {493--505},
  year      = {1998},
  publisher = {Wiley Online Library}
}

@article{shor1999polynomial,
  title     = {Polynomial-time algorithms for prime factorization and discrete logarithms on a quantum computer},
  author    = {Shor, Peter W},
  journal   = {SIAM review},
  volume    = {41},
  number    = {2},
  pages     = {303--332},
  year      = {1999},
  publisher = {SIAM}
}


 @misc{Medium-bitcoin,
  title        = {How many bitcoins are vulnerable to a hypothetical quantum attack?},
  howpublished = {\url{https://medium.com/@sashagnip/how-many-bitcoins-are-vulnerable-to-a-hypothetical-quantum-attack-3e59e4172e8/}},
  author       = {Gnip, A.},
  year         = {2019, February 24}
} 
 
 
 @article{proos2003shor,
  title   = {Shor's discrete logarithm quantum algorithm for elliptic curves},
  author  = {Proos, John and Zalka, Christof},
  journal = {arXiv preprint quant-ph/0301141},
  year    = {2003}
}


@inproceedings{roetteler2017quantum,
  title        = {Quantum resource estimates for computing elliptic curve discrete logarithms},
  author       = {Roetteler, Martin and Naehrig, Michael and Svore, Krysta M and Lauter, Kristin},
  booktitle    = {International Conference on the Theory and Application of Cryptology and Information Security},
  pages        = {241--270},
  year         = {2017},
  organization = {Springer}
}

@techreport{larimer2014momentum,
  title       = {Momentum--a memory-hard proof-of-work via finding birthday collisions},
  author      = {Larimer, Daniel},
  year        = {2014},
  institution = {Tech. Rep., Oct. 2013.[Online]. Available: http://invictus-innovations. com~â¦}
}

@inproceedings{tromp2015cuckoo,
  title        = {Cuckoo cycle: a memory bound graph-theoretic proof-of-work},
  author       = {Tromp, John},
  booktitle    = {International Conference on Financial Cryptography and Data Security},
  pages        = {49--62},
  year         = {2015},
  organization = {Springer}
}

@article{biryukov2017equihash,
  title   = {Equihash: Asymmetric proof-of-work based on the generalized birthday problem},
  author  = {Biryukov, Alex and Khovratovich, Dmitry},
  journal = {Ledger},
  volume  = {2},
  pages   = {1--30},
  year    = {2017}
}

@article{daniel2015initial,
  title   = {Initial recommendations of long-term secure post-quantum systems},
  author  = {Daniel, Augot and Lejla, B and others},
  journal = {PQCRYPTO. EU. Horizon},
  volume  = {2020},
  year    = {2015}
}

@inproceedings{buchmann2011xmss,
  title        = {XMSS-a practical forward secure signature scheme based on minimal security assumptions},
  author       = {Buchmann, Johannes and Dahmen, Erik and H{\"u}lsing, Andreas},
  booktitle    = {International Workshop on Post-Quantum Cryptography},
  pages        = {117--129},
  year         = {2011},
  organization = {Springer}
}

@misc{rfc8391,
  series       = {Request for Comments},
  number       = 8391,
  howpublished = {RFC 8391},
  publisher    = {RFC Editor},
  doi          = {10.17487/RFC8391},
  url          = {https://www.rfc-editor.org/info/rfc8391},
  author       = {Andreas Huelsing and Denis Butin and Stefan-Lukas Gazdag and Joost Rijneveld and Aziz Mohaisen},
  title        = {{XMSS: eXtended Merkle Signature Scheme}},
  pagetotal    = 74,
  year         = 2018,
  month        = may
}

@article{hulsing2017wots+,
  title   = {WOTS+--Shorter Signatures for Hash-Based Signature Schemes},
  author  = {H{\"u}lsing, Andreas},
  journal = {Cryptology ePrint Archive},
  year    = {2017}
}

@inproceedings{bennett1984bb84,
  title     = {BB84},
  author    = {Bennett, CH and Brassard, G},
  booktitle = {IEEE International Conference on Computers, Systems, and Signal Processing},
  year      = {1984}
}

@article{DiVincenzo_2000,
  doi       = {10.1002/1521-3978(200009)48:9/11<771::aid-prop771>3.0.co;2-e},
  url       = {https://doi.org/10.1002%2F1521-3978%28200009%2948%3A9%2F11%3C771%3A%3Aaid-prop771%3E3.0.co%3B2-e},
  year      = 2000,
  month     = {sep},
  publisher = {Wiley},
  volume    = {48}
}

@article{scarani2009security,
  title     = {The security of practical quantum key distribution},
  author    = {Scarani, Valerio and Bechmann-Pasquinucci, Helle and Cerf, Nicolas J and Du{\v{s}}ek, Miloslav and L{\"u}tkenhaus, Norbert and Peev, Momtchil},
  journal   = {Reviews of modern physics},
  volume    = {81},
  number    = {3},
  pages     = {1301},
  year      = {2009},
  publisher = {APS}
}

@article{computer_systems_chaum,
  author     = {Alan T. Sherman and
                Farid Javani and
                Haibin Zhang and
                Enis Golaszewski},
  title      = {On the Origins and Variations of Blockchain Technologies},
  journal    = {CoRR},
  volume     = {abs/1810.06130},
  year       = {2018},
  url        = {http://arxiv.org/abs/1810.06130},
  eprinttype = {arXiv},
  eprint     = {1810.06130},
  timestamp  = {Tue, 30 Oct 2018 20:39:56 +0100},
  biburl     = {https://dblp.org/rec/journals/corr/abs-1810-06130.bib},
  bibsource  = {dblp computer science bibliography, https://dblp.org}
}